<record><leader>00000cas a22000007a 4500</leader><controlfield tag="001">12898191</controlfield><controlfield tag="008">851212d18961907wvuwr ne      0    0eng d</controlfield><datafield ind1=" " ind2=" " tag="010"><subfield code="a">sn 85059800 </subfield></datafield><datafield ind1=" " ind2=" " tag="040"><subfield code="a">WVC</subfield><subfield code="b">eng</subfield><subfield code="c">WVC</subfield><subfield code="d">OCL</subfield><subfield code="d">OCLCQ</subfield></datafield><datafield ind1=" " ind2=" " tag="042"><subfield code="a">msc</subfield></datafield><datafield ind1="0" ind2="0" tag="245"><subfield code="a">St. Albans reporter.</subfield></datafield><datafield ind1="3" ind2="0" tag="246"><subfield code="a">Saint Albans reporter</subfield></datafield><datafield ind1=" " ind2=" " tag="260"><subfield code="a">St. Albans, W. Va. :</subfield><subfield code="b">[Frederick Carel]</subfield></datafield><datafield ind1=" " ind2=" " tag="300"><subfield code="a">v.</subfield></datafield><datafield ind1=" " ind2=" " tag="310"><subfield code="a">Weekly</subfield></datafield><datafield ind1="1" ind2=" " tag="362"><subfield code="a">Began in 1896?; ceased in 1907?</subfield><subfield code="z">Cf. W. Va. State Gazetteers.</subfield></datafield><datafield ind1=" " ind2=" " tag="500"><subfield code="a">"The only Free Silver Paper in the Third Congressional District." Cf. W. Va. State Gazetteer, 1898-99.</subfield></datafield><datafield ind1=" " ind2=" " tag="500"><subfield code="a">Editor: Fredrick Carel.</subfield></datafield><datafield ind1=" " ind2=" " tag="588"><subfield code="a">Description based on: Vol. 3, no. 32 (Aug. 25, 1898).</subfield></datafield><datafield ind1=" " ind2=" " tag="752"><subfield code="a">United States</subfield><subfield code="b">West Virginia</subfield><subfield code="c">Kanawha</subfield><subfield code="d">Saint Albans.</subfield></datafield></record>